@InProceedings{Bal:Niv:12,
    author = {Miguel Ballesteros and Joakim Nivre},
    title = {Malt{O}ptimizer: {A}n {O}ptimization {T}ool for {M}alt{P}arser},
    booktitle = {Proceedings of the 13th {C}onference of the {E}uropean
        {C}hapter of the {A}ssociation for {C}omputational {L}inguistics},
    pages = {58--62},
    year = {2012},
    address = {Avignon, France},
}

@InProceedings{Boh:10,
    author = {Bernd Bohnet},
    title = {Very {H}igh {A}ccuracy and {F}ast {D}ependency {P}arsing is not a
        {C}ontradiction},
    booktitle = {Proceedings of the 23rd {I}nternational {C}onference on
        {C}omputational {L}inguistics},
    pages = {89--97},
    year = {2010},
    address = {Beijing, China},
}

@InProceedings{Bra:00,
    author = {Thorsten Brants},
    title = {Tn{T} - {A} {S}tatistical {P}art-of-{S}peech {T}agger},
    booktitle = {Proceedings of the {S}ixth {A}pplied {N}atural {L}anguage
        {P}rocessing {C}onference},
    year = {2000},
    address = {Seattle, WA, USA},
}

@InProceedings{Bri:94,
    author = {Eric Brill},
    title = {Some {A}dvances in {R}ule-{B}ased {P}art of {S}peech {T}agging},
    booktitle = {Proceedings of the 12th {N}ational {C}onference on
        {A}rtificial {I}ntelligence},
    year = {1994},
    address = {Seattle, WA, USA},
}

@InProceedings{Cho:Tet:Ste:15,
    author = {Jinho D. Choi and Joel Tetreault and Amanda Stent},
    title = {It {D}epends: Dependency {P}arser {C}omparison {U}sing {A}
        {W}eb-{B}ased {E}valuation {Tool}},
    booktitle = {Proceedings of the 53rd {A}nnual {M}eeting of the
        {A}ssociation for {C}omputational {L}inguistics},
    pages = {387--396},
    year = {2015},
    address = {Beijing, China},
}

@Book{Cro:03,
    author = {William Croft},
    title = {Typology and {U}niversals},
    edition = {2},
    publisher = {Cambridge {U}niversity {P}ress},
    address = {Cambridge, England},
    year = {2003}, 
}

@InProceedings{Dae:Zav:Ber:96,
    author = {Walter Daelemans and Jakub Zavrel and Peter Berck and Steven
        Gillis},
    title = {M{BT}: {A} {M}emory-{B}ased {P}art of {S}peech
        {T}agger-{G}enerator},
    booktitle = {Proceedings of the {F}ourth {W}orkshop on {V}ery {L}arge
        {C}orpora},
    pages = {14--27},
    year = {1996},
    address = {Lisbon, Portugal},
}

@TechReport{Eje:Kal:Wen:Ast:92,
    author = {Eva Ejerhed and Gunnel Källgren and Ola Wennstedt and Magnus
        Åström},
    title = {The {L}inguistic {A}nnotation {S}ystem of the {S}tockholm-{U}meå
        {C}orpus {P}roject},
    institution = {University of Umeå: Department of Linguistics},
    address = {Umeå, Sweden},
    year = {1992},
}

@Book{Faa:Lie:Van:97,
    author = {Jan Terje Faarlund and Svein Lie and Kjell Ivar Vannebo},
    title = {Norsk referansegrammatikk},
    publisher = {Universitetsforlaget},
    address = {Oslo, Norway},
    year = {1997}, 
}

@Unpublished{Fra:Kuc:79,
    author = {Winthrop Nelson Francis and Henry Ku\u{c}era},
    title = {Manual of {I}nformation to {A}ccompany {A} {S}tandard {C}orpus of
        {P}resent {D}ay {E}dited {A}merican {E}nglish, for {U}se with {D}igital
        {C}omputers},
    year = {1979},
    address = {Providence, RI, USA},
}

@InProceedings{Gim:Mar:04,
    author = {Jes\'{u}s Gim\'{e}nez and Llu\'{i}s M\`{a}rquez},
    title = {S{VMT}ool: {A} {G}eneral {POS} {T}agger {G}enerator {B}ased on
        {S}upport {V}ector {M}achines},
    booktitle = {Proceedings of the {F}ourth {I}nternational {C}onference on
        {L}anguage {R}esources and {E}valuation},
    pages = {43--46},
    year = {2004},
    address = {Lisbon, Portugal},
}

@InProceedings{Gue:10,
    author = {Emiliano Guevara},
    title = {No{W}a{C}: {A} {L}arge {W}eb-{B}ased {C}orpus for {N}orwegian},
    booktitle = {Proceedings of the {S}ixth {W}eb as {C}orpus {W}orkshop},
    pages = {1--7},
    year = {2010},
    address = {Los Angeles, CA, USA},
}

@Unpublished{Gus:Har:06,
    author = {Sofia Gustafson-Capkov{\'a} and Britt Hartmann},
    title = {Manual of the {S}tockholm {U}meå {C}orpus version 2.0},
    year = {2006},
    address = {Stockholm, Sweden},
}

@InProceedings{Haj:Cia:Joh:09,
  author = 	 {Jan Haji{\v c} and Massimiliano Ciaramita and Richard Johansson
      and Daisuke Kawahara and Maria Ant{\`o}nia Mart{\'i} and Llu{\'i}s
          M{\`a}rquez and Adam Meyers and Joakim Nivre and Sebastian Pad{\'o}
      and Jan {\u S}t{\u e}panek and Pavel Stra{\u a}{\`a}k and Mihai Surdeanu
          and Nianwen Xue and Yi Zhang},
  title = 	 {The {CoNLL}-2009 {S}hared {T}ask: Syntactic and Semantic
      Dependencies in Multiple Languages},
  booktitle =	{Proceedings of the 6th {C}onference on {N}atural {L}anguage
      {L}earning},
  pages =	 {},
  address =	 {},
  year =	 2009
}

@InProceedings{Hag:Joh:Nok:00,
    author = {Kristin Hagen and Janne Bondi Johannessen and Anders Nøklestad},
    title = {A {C}onstraint-{B}ased {T}agger for {N}orwegian},
    booktitle = {Proceedings of the 17th {S}candinavian {C}onference of
        {L}inguistics},
    pages = {31--48},
    year = {2000},
    address = {Odense, Denmark},
}

@InProceedings{Hal:Kor:Ora:07,
    author = {Péter Halácsy and András Kornai and Csava Oravecz},
    title = {Hun{P}os - {A}n {O}pen {S}ource {T}rigram {T}agger},
    booktitle = {Proceedings of the 45th {A}nnual {M}eeting of the {A}ssociation
        for {C}omputational {L}inguistics 2007 {D}emo and {P}oster {S}essions},
    pages = {209--212},
    year = {2007},
    address = {Prague, the Czech Republic},
}

@InProceedings{Joh:Hag:Nok:11,
    author = {Janne Bondi Johannessen and Kristin Hagen and Anders Nøklestad
        and André Lynum},
    title = {O{BT+S}tat: Evaluation of a {C}ombined {CG} and {S}tatistical
        {T}agger},
    booktitle = {Proceedings of the 18th {N}ordic {C}onference of
        {C}omputational {L}inguistics},
    pages = {26--34},
    year = {2011},
    address = {Riga, Latvia}, 
}

@Article{Kar:92,
    author = {Fred Karlsson},
    title = {S{WETWOL}: {A} {C}omprehensive {M}orphological {A}nalyser for
        {S}wedish},
    journal = {Nordic {J}ournal of {L}inguistics},
    volume = {15},
    number = {1},
    pages = {1--45},
    year = {1992},
}
@Book{Jur:Mar:09,
    author={Daniel Jurafsky and James H. Martin},
    title = {Speech and {L}anguage {P}rocessing: An {I}ntroduction to {N}atural
        {L}anguage {P}rocessing, {C}omputational {L}inguistics and {S}peech
        {R}ecognition},
    edition = {2},
    year = {2009},
    publisher = {Prentice Hall},
    address = {Upper Saddle River, NJ, USA},
}

@TechReport{Kin:Sol:Eri:13,
    author = {Kari Kinn and Per Erik Solberg and Pål Kristian Eriksen},
    title = {Retningslinjer for morfologisk og syntaktisk annotasjon i
        {S}pråkbankens gullkorpus},
    institution = {National {L}ibrary of {N}orway},
    address = {Oslo, Norway},
    year = {2013},
}

@InCollection{Lee:97,
    author = {Geoffrey Leech},
    title = {Grammatical {T}agging},
    booktitle = {Corpus {A}nnotation: {L}inguistic {I}nformation from
        {C}omputer {T}ext {C}orpora},
    publisher = {Addison {W}esley {L}ongman {L}imited},
    chapter = {2},
    pages = {19--33},
    address = {New York, NY, USA},
    year = {1997},
}

@InProceedings{Lei:Xin:Zha:14,
    author = {Tao Lei and Yu Xin and Yuan Zhang and Regina Barzilay and Tommi Jaakkola},
    title = {Low-{R}ank {T}ensors for {S}coring {D}ependency {S}tructures},
    booktitle = {Proceedings of the 52nd {A}nnual {M}eeting of the {A}ssociation
        for {C}omputational {L}inguistics},
    pages = {1013--1024},
    year = {2014},
    address = {Baltimore, MD, USA}, 
}

@MastersThesis{Mac:05,
    author = {Andrew MacKinlay},
    title ={The {E}ffects of {P}art-of-{S}peech {T}agsets on {T}agger
        {P}erformance},
    type = {Bachelor's Thesis},
    school = {University of Melbourne},
    address = {Melbourne, Australia},
    year ={2005},
}


@InProceedings{Man:11,
  author = {Christopher Manning},
  title = 	 {Part-of-Speech Tagging from 97\% to 100\%: Is It Time for Some
      Linguistics?},
  booktitle = {Proceedings of the 12th International Conference on
      Computational Linguistics and Intelligent Text Processing},
  pages = {171--189},
  year = 	 2011
}

@InProceedings{Mar:14,
    author = {Cristina S. Marco},
    title = {An {O}pen {S}ource {P}art-of-{S}peech {T}agger for {N}orwegian:
        Building on {E}xisting {L}anguage {R}esources},
    booktitle = {Proceedings of the {N}inth {I}nternational {C}onference on
        {L}anguage {R}esources and {E}valuation},
    pages = {4111--4117},
    year = {2014},
    address = {Reykjavik, Iceland},
}

@InProceedings{Mar:Alm:Smi:13,
    author = {André F. T. Martins and Miguel B. Almeida and Noah A. Smith},
    title = {Turning on the {T}urbo: {F}ast {T}hird-{O}rder {N}on-{P}rojective
        {T}urbo {P}arsers},
    booktitle = {Proceedings of the 51st {A}nnual {M}eeting of the {A}ssociation
        for {C}omputational {L}ingustics},
    pages = {617--622},
    address = {Sofia, Bulgaria},
    year = {2013},
}

@TechReport{Mar:San:Mar:93,
    author = {Mitchell Marcus and Beatrice Santorino and Mary Ann
        Marcinkiewicz},
    title = {Building {A} {L}arge {A}nnotated {C}orpus of {E}nglish: {T}he
        {P}enn {T}reebank},
    institution = {University of {P}hiladelphia},
    address = {Philadelphia, PA, USA},
    year = {1993},
}

@InProceedings{McD:Ler:Per:06,
    author = {Ryan McDonald and Kevin Lerman and Fernando Pereira},
    title = {Multilingual {D}ependency {A}nalysis with a {T}wo-{S}tage
        {D}iscriminative {P}arser},
    booktitle = {Proceedings of the {T}enth {C}onference on {C}omputational
        {N}atural {L}anguage {L}earning},
    pages = {216--221},
    year = {2006},
    address = {New York City, NY, USA},
}

@Article{McD:Niv:11,
    author = {Ryan McDonald and Joakim Nivre},
    title = {Analyzing and {I}ntegrating {D}ependency {P}arsers},
    journal = {Computational {L}inguistics},
    volume = {37},
    number = {1},
    pages = {197--230},
    year = {2011},
}

@InProceedings{Meg:01,
    author = {Beáta Megyesi},
    title = {Comparing {D}ata-{D}riven {L}earning {A}lgorithms for {P}o{S}
        {T}agging of {S}wedish},
    booktitle = {Proceedings of the 2001 {C}onference on {E}mpirical {M}ethods
        in {N}atural {L}anguage {P}rocessing},
    pages = {151--158},
    year = {2001},
    address = {Pittsburgh, PA, USA},
}

@PhDThesis{Meg:02,
    author = {Beáta Megyesi},
    title = {Data-{D}riven {S}yntactic {A}nalysis: {M}ethods and {A}pplications
        for {S}wedish},
    year = {2002},
    school = {Royal {I}nstitute of {T}echnology},
    address = {Stockholm, Sweden},
}

@InProceedings{Meg:09,
    author = {Beáta Megyesi},
    title = {The {O}pen {S}ource {T}agger {H}un{P}o{S} for {S}wedish},
    booktitle = {Proceedings of the 17th {N}ordic {C}onference on
        {C}omputational {L}inguistics},
    pages = {239--241},
    year = {2009},
    address = {Odense, Denmark},
}

@TechReport{Niv:05,
    author = {Joakim Nivre},
    title = {Dependency {G}rammar and {D}ependency {P}arsing},
    institution = {Växjö {U}niversity},
    type = {MSI Report},
    number = {05133},
    address = {Växjö, Sweden},
    year = {2005},
}

@InCollection{Niv:15,
    author = {Joakim Nivre},
    title = {Towards a {U}niversal {G}rammar for {N}atural {L}anguage
        {P}rocessing},
    booktitle = {Computational {L}inguistics and {I}ntelligent {T}ext
        {P}rocessing},
    year = {2015},
    volume = {9041},
    series = {Lecture Notes in Computer Science},
    publisher = {Springer International Publishing},
    pages = {3--16},
}

@Article{Niv:Hal:Nil:07,
    author = {Joakim Nivre and Johan Hall and Jens Nilsson and Atanas Chanev
        and Gül\c{s}en Eryi\v{g}it and Sandra Kübler and Svetoslav Marinov and
            Erwin Marsi},
    title = {Malt{P}arser: {A} {L}anguage-{I}ndependent {S}ystem for
        {D}ata-{D}riven {D}ependency {P}arsing},
    journal = {Natural {L}anguage {E}ngineering},
    year = {2007},
    volume = {13},
    number = {2},
    pages = {95--135},
}

@InProceedings{Niv:Hal:Kub:07,
  author = 	 {Joakim Nivre and Johan Hall and Sandra K{\"u}bler and Ryan
      McDonald and Jens Nilsson and Sebastian Riedel and Deniz Yuret},
  title = 	 {{C}o{NLL} 2007 {S}hared {T}ask on {D}ependency {P}arsing},
  booktitle =	 {Proceedings of the 6th {C}onference on {N}atural {L}anguage
      {L}earning},
  year = {2007},
  pages =	 {915$\,$--$\,$932},
  address =	 {},
}

@InProceedings{Pet:Das:McD:12, 
    author = {Slav Petrov and Dipanjan Das and Ryan McDonald},
    title = {A {U}niversal {P}art-of-{S}peech {T}agset},
    booktitle = {Proceedings of the {E}ighth {I}nternational {C}onference on
        {L}anguage {R}esources and {Evaluation}},
    pages = {2089--2096},
    year = {2012},
    address = {Istanbul, Turkey},
}

@InProceedings{Rat:96,
    author = {Adwait Ratnaparkhi},
    title = {A {M}aximum {E}ntropy {M}odel for {P}art-{O}f-{S}peech {T}agging},
    booktitle = {Proceedings of the {C}onference on {E}mpirial {M}ethods in
        {N}atural {L}anguage {P}rocessing},
    year = {1996},
    pages = {133--142},
    address = {Philadelphia, PA, USA},
}

@TechReport{San:90,
    author = {Beatrice Santorino},
    title = {Part-of-{S}peech {T}agging {G}uidelines for the {P}enn {T}reebank
        {P}roject},
    institution = {University of Pennsylvania},
    year = {1990},
    address = {Philadelphia, PA, USA},
}



@Article{See:Kuh:13,
  author = 	 {Wolfgang Seeker and Jonas Kuhn},
  title = 	 {Morphological and Syntactic Case in Statistical Dependency Parsing},
  journal = 	 {Computational Linguistics},
  year = 	 2013,
  volume = 	 39,
  number = 	 1,
  pages = 	 {23--55}}

@InProceedings{Sol:13,
    author = {Per Erik Solberg},
    title = {Building {G}old-{S}tandard {T}reebanks for {N}orwegian},
    booktitle = {Proceedings of the 19th {N}ordic {C}onference of
        {C}omputational {L}inguistics},
    pages = {459--464},
    year = {2013},
    address = {Oslo, Norway},
}

@InProceedings{Sol:Skj:Ovr:14,
    author = {Per Erik Solberg and Arne Skjærholt and Lilja Øvrelid and Kristin
        Hagen and Janne Bondi Johannessen},
    title = {The {N}orwegian {D}ependency {T}reebank},
    booktitle = {Proceedings of the {N}inth {I}nternational {C}onference on
        {L}anguage {R}esources and {E}valuation},
    pages = {789--795},
    year = {2014},
    address = {Reykjavik, Iceland}, 
}

@inproceedings{Tjo:DeM:03,
 author = {Tjong Kim Sang, Erik F. and De Meulder, Fien},
 title = {Introduction to the CoNLL-2003 Shared Task: Language-independent
     Named Entity Recognition},
 booktitle = {Proceedings of the Seventh Conference on Natural Language
     Learning at HLT-NAACL 2003 - Volume 4},
 year = {2003},
 location = {Edmonton, Canada},
 pages = {142--147},
 address = {Stroudsburg, PA, USA},
} 



@InProceedings{Tou:Kle:Man:03,
    author = {Kristina Toutanova and Dan Klein and Christopher D. Manning and
        Yoram Singer},
    title = {Feature-{R}ich {P}art-of-{S}peech {T}agging with a {C}yclic
        {Dependency} {N}etwork},
    booktitle = {Proceedings of the 2003 {H}uman {L}anguage {T}echnology
        {C}onference of the {N}orth {A}merican {C}hapter of the {A}ssociation
        for {C}omputational {L}inguistics}, 
    pages = {173--180},
    year = {2003},
    address = {Edmonton, Canada},
}

@Article{Wil:Wie:Hof:09,
  author = 	 {Theresa Wilson and Janyce Wiebe and Paul Hoffman},
  title = 	 {Recognizing Contextual Polarity: An exploration of features for
      phrase-level sentiment analysis},
  journal = 	 {Computational Linguistics},
  year = 	 2009,
  volume = 	 35,
  number = 	 3,
  pages = 	 {399$\,$--$\,$433}}

@InProceedings{Zha:Niv:11,
    author = {Yue Zhang and Joakim Nivre},
    title = {Transition-{B}ased {D}ependency {P}arsing with {R}ich
        {N}on-{L}ocal {F}eatures},
    booktitle = {Proceedings of the 49th {A}nnual {M}eeting of the {A}ssociation
        for {C}omputational {L}ingustics: {H}uman {L}anguage {T}echnologies},
    pages = {188--193},
    year = {2011},
    address = {Portland, OR, USA}, 
}

@Article{Ost:13,
    author = {Robert Östling},
    title = {Stagger: {A}n {O}pen-{S}ource {P}art of {S}peech {T}agger for
        {S}wedish},
    journal = {Northern {E}uropean {J}ournal of {L}anguage {T}echnology},
    volume = {3},
    number = {1},
    pages = {1--18},
    year = {2013},
}

@InProceedings{Ovr:Hoh:16,
    author = {Lilja Øvrelid and Petter Hohle},
    title = {Universal {D}ependencies for {N}orwegian},
    booktitle = {Proceedings of the {T}enth {I}nternational {C}onference on
        {L}anguage {R}esources and {E}valuation},
    year = {2016},
    address = {Portoro\v{z}, Slovenia}, 
}

@InProceedings{Ovr:08,
    author = {Lilja Øvrelid},
    title = {Finite {M}atters: {V}erbal {F}eatures in {D}ata-{D}riven {P}arsing
        of {S}wedish},
    booktitle = {Proceedings of the {S}ixth {I}nternational {C}onference on
        {N}atural {L}anguage {P}rocessing},
    year = {2008},
    address = {Gothenburg, Sweden}, 
}

